<?xml version="1.0" encoding="UTF-8"?>
<collection xmlns:xsi="http://www.w3.org/2001/XMLSchema-instance" xsi:schemaLocation="http://www.loc.gov/MARC21/slim http://www.loc.gov/standards/marcxml/schema/MARC21slim.xsd" xmlns="http://www.loc.gov/MARC21/slim">
<record>
  <leader>00790cam a22002051i 4500</leader>
  <controlfield tag="001">2984153</controlfield>
  <controlfield tag="003">NNC</controlfield>
  <controlfield tag="005">20130426005206.0</controlfield>
  <controlfield tag="008">010226s1949    ir h          000 0 ara d</controlfield>
  <datafield tag="035" ind1=" " ind2=" ">
    <subfield code="a">(OCoLC)ocm46322500</subfield>
  </datafield>
  <datafield tag="035" ind1=" " ind2=" ">
    <subfield code="9">ASN1340CU</subfield>
  </datafield>
  <datafield tag="035" ind1=" " ind2=" ">
    <subfield code="a">(NNC)2984153</subfield>
  </datafield>
  <datafield tag="040" ind1=" " ind2=" ">
    <subfield code="a">ZCU</subfield>
    <subfield code="c">ZCU</subfield>
  </datafield>
  <datafield tag="090" ind1=" " ind2=" ">
    <subfield code="a">PJ7846.I65</subfield>
    <subfield code="b">D59</subfield>
  </datafield>
  <datafield tag="100" ind1="1" ind2=" ">
    <subfield code="a">Mīrzā Abū al-Fadl al-Tihrānī,</subfield>
    <subfield code="d">-1898.</subfield>
  </datafield>
  <datafield tag="240" ind1="1" ind2="0">
    <subfield code="a">Poems</subfield>
  </datafield>
  <datafield tag="245" ind1="1" ind2="0">
    <subfield code="a">Dīwān /</subfield>
    <subfield code="b">al-Hājj Mīrzā Abī al-adl al-Tihrānī; dawwanahū wa-rattabahū wa-hadhdhabahū waʻallaqa hawashiyahū wa-qaddama lahū wa-ʻuniya bi-tashīhi tabʻihī,</subfield>
    <subfield code="c">Mīr Jalāl al-Dīn al-Husaynī al-mushtahir bi al-Muhaddith.</subfield>
  </datafield>
  <datafield tag="260" ind1=" " ind2=" ">
    <subfield code="a">[Tihrān] :</subfield>
    <subfield code="b">Chāp-i Rangīn,</subfield>
    <subfield code="c">1369 q.h. [1949]</subfield>
  </datafield>
  <datafield tag="300" ind1=" " ind2=" ">
    <subfield code="a">108, 408 p. :</subfield>
    <subfield code="b">facsim. ;</subfield>
    <subfield code="c">21 cm.</subfield>
  </datafield>
  <datafield tag="955" ind1=" " ind2=" ">
    <subfield code="b">0036761958</subfield>
    <subfield code="d">glx</subfield>
    <subfield code="e">PJ7846.I65 D59</subfield>
  </datafield>
</record>
</collection>